@article{lippert2011,
  title={{FaST} linear mixed models for genome-wide association studies},
  author={Lippert, Christoph and Listgarten, Jennifer and Liu, Ying and Kadie, Carl M and Davidson, Robert I and Heckerman, David},
  journal={Nat Methods},
  volume=8,
  number=10,
  pages={833--835},
  year=2011
}



@article{kang2008,
  title={Accurate discovery of expression quantitative trait loci under confounding from spurious and genuine regulatory hotspots},
  author={Kang, Hyun Min and Ye, Chun and Eskin, Eleazar},
  journal={Genetics},
  volume={180},
  number={4},
  pages={1909--1925},
  year={2008}
}


@article{broman2003,
  title = {R/qtl: {QTL} mapping in experimental crosses},
  author = {Karl W. Broman and Hao Wu and \'Saunak Sen and Gary A. Churchill},
  journal = {Bioinformatics},
  year = {2003},
  volume = {19},
  pages = {889--890},
}

@misc{RCore,
    title = {R: A Language and Environment for Statistical Computing},
    author = {{R Core Team}},
    year = {2018},
    note = {R Foundation for Statistical Computing, Vienna, Austria}
}


@article{haley1992,
  title={A simple regression method for mapping quantitative trait loci in line crosses using flanking markers},
  author={Haley, Chris S. and Knott, Sarah A.},
  journal={Heredity},
  volume={69},
  pages={315--324},
  year={1992}
}


@book{broman_sen,
  author={Broman, Karl W. and Sen, \'Saunak},
  title = {A guide to {QTL} mapping with {R/qtl}},
  year={2009},
  publisher={Springer},
  address={New York}
}

@article{albert2015,
  author = {Frank W. Albert and Leonid Kruglyak},
  title = {The role of regulatory variation in complex traits and disease},
  journal = {Nat. Rev. Genet.},
  year = {2015},
  volume = {16},
  pages = {197--212}
}

@article{gatti2014,
   author = {Gatti,  D.M. and Svenson, K.L. and Shabalin, A. and Wu, L.-Y. and Valdar, W. and
   Simecek,  P. and Goodwin,  N. and Cheng,  R. and Pomp,  D. and Palmer, A. and Chesler,  E. J. and Broman,  K. W. and Churchill,  G. A.},
   year = {2014},
   title = {Quantitative trait locus mapping methods for {D}iversity {O}utbred mice},
   journal = {G3},
   volume = {4},
   pages = {1623--1633}
}

@misc{lincoln1990,
    author = {Lincoln, S. E. and Lander, E. S.},
    year = {1990},
    title = {Mapping genes for quantitative traits using {MAPMAKER/QTL}},
    note = {A Whitehead Institute for Biomedical Research Technical Report, Cambridge, Massachusetts}
}

@misc{basten2002,
    author = {Basten, C. J. and Weir, B. S. and Zeng, Z.-B.},
    year = {2002},
    title = {{QTL} {C}artographer, {V}ersion 1.16},
    note = {Department of Statistics, North Carolina State University, Raleigh, NC}
}

@misc{mapqtl,
    author = {Van Ooijen, J. W.},
    year = {2009},
    title = {{MapQTL 6}: Software for the mapping of quantitative trait loci in experimental populations of diploid species},
    note = {Kyazma BV, Wageningen, Netherlands}
}

@article{kover2009,
    author = {Kover, P. X. and Valdar, W. V. and Trakalo, J. and Scarcelli, N. and Ehrenreich, I. M. and Purugganan, M. D. and Durrant C. and Mott R.},
    year = {2009},
    title = {A {M}ultiparent {A}dvanced {G}eneration {I}nter-{C}ross to fine-map quantitative traits in {\emph{Arabidopsis thaliana}}},
    journal = {PLoS Genet},
    volume = {5},
    pages = {e1000551}
}

@article{cavanagh2008,
  title={From mutations to {MAGIC}: resources for gene discovery, validation and delivery in crop plants},
  author={Cavanagh, C. and Morell, M. and Mackay, I. and Powell, W.},
  journal={Curr Opin Plant Biol},
  volume={11},
  pages={215--221},
  year={2008}
}

@article{mott2000,
  title={A method for fine mapping quantitative trait loci in outbred animal stocks},
  author={Mott, R. and Talbot, C. J. and Turri, M. G. and Collins, A. C. and Flint, J.},
  journal={Proc Natl Acad Sci USA},
  volume={97},
  pages={12649--12654},
  year={2000}
}


@article{mott2002,
  title={Simultaneous detection and fine mapping of quantitative trait loci in mice using heterogeneous stocks},
  author={Mott, R. and Flint, J.},
  journal={Genetics},
  volume={160},
  pages={1609--1618},
  year={2002}
}

@article{churchill2004,
  title={The {C}ollaborative {C}ross, a community resource for the genetic analysis of complex traits},
  author={Churchill, G. A. and Airey, D. C. and Allayee, H. and Angel, J. M. and Attie, A. D. and Beatty, J. and Beavis, W. D. and Belknap, J. K. and Bennett, B. and Berrettini, W. and others},
  journal={Nat Genet},
  volume={36},
  pages={1133--1137},
  year={2004}
}

@article{svenson2012,
  title={High-resolution genetic mapping using the mouse {D}iversity {O}utbred population},
  author={Svenson, K. L. and Gatti, D. M. and Valdar, W. and Welsh, C. E. and Cheng, R. and Chesler, E. J. and Palmer, A. A. and McMillan, L. and Churchill, G. A.},
  journal={Genetics},
  volume={190},
  pages={437--447},
  year={2012}
}

@article{churchill2012,
  title={The {D}iversity {O}utbred mouse population},
  author={Churchill, G. A. and Gatti, D. M. and Munger, S. C. and Svenson, K. L.},
  journal={Mamm Genome},
  volume={23},
  pages={713--718},
  year={2012}
}

@article{lincoln1992,
  title={Systematic detection of errors in genetic linkage data},
  author={Lincoln, S. E. and Lander, E. S.},
  journal={Genomics},
  volume={14},
  pages={604--610},
  year={1992}
}

@article{churchill1994,
  title={Empirical threshold values for quantitative trait mapping.},
  author={Churchill, G. A. and Doerge, R. W.},
  journal={Genetics},
  volume={138},
  pages={963--971},
  year={1994}
}

@article{lander1989,
  title={Mapping mendelian factors underlying quantitative traits using {RFLP} linkage maps.},
  author={Lander, E. S. and Botstein, D.},
  journal={Genetics},
  volume={121},
  pages={185--199},
  year={1989}
}

@article{cheng2013,
  title={A simulation study of permutation, bootstrap, and gene dropping for assessing statistical significance in the case of unequal relatedness},
  author={Cheng, R. and Palmer, A. A.},
  journal={Genetics},
  volume={193},
  pages={1015--1018},
  year={2013}
}

@article{yu2006,
  title={A unified mixed-model method for association mapping that accounts for multiple levels of relatedness},
  author={Yu, J. and Pressoir, G. and Briggs, W. H. and Bi, I. V. and Yamasaki, M. and Doebley, J. F. and McMullen, M. D. and Gaut, B. S. and Nielsen, D. M. and Holland, J. B. and others},
  journal={Nat Genet},
  volume={38},
  pages={203--208},
  year={2006}
}


@article{yang2014,
  title={Advantages and pitfalls in the application of mixed-model association methods},
  author={Yang, J. and Zaitlen, N. A. and Goddard, M. E. and Visscher, P. M. and Price, A. L.},
  journal={Nat Genet},
  volume={46},
  pages={100--106},
  year={2014}
}

@Article{eddelbuettel2011,
    title = {{Rcpp}: Seamless {R} and {C++} Integration},
    author = {Dirk Eddelbuettel and Romain Fran\c{c}ois},
    journal = {J Stat Softw},
    year = {2011},
    volume = {40},
    pages = {1--18}
}

@Book{Rcppbook,
    title = {Seamless {R} and {C++} Integration with {Rcpp}},
    author = {Dirk Eddelbuettel},
    publisher = {Springer},
    address = {New York},
    year = {2013}
}

@misc{roxygen2,
    title = {{roxygen2}: in-line documentation for {R}},
    author = {Hadley Wickham and Peter Danenberg and Manuel Eugster},
    year = {2017},
    note = {R package version 6.0.1}
}

@Article{testthat,
    author = {Hadley Wickham},
    title = {testthat: get started with testing},
    journal = {The R Journal},
    year = {2011},
    volume = {3},
    pages = {5--10}
}

@article{RcppEigen,
    title = {Fast and Elegant Numerical Linear Algebra Using the {RcppEigen} Package},
    author = {Douglas Bates and Dirk Eddelbuettel},
    journal = {J Stat Softw},
    year = {2013},
    volume = {52},
    pages = {1--24}

}

@article{broman2014,
    title = {Fourteen years of {R/qtl}: Just barely sustainable},
    author = {Broman, K. W.},
    year = {2014},
    journal = {J Open Res Softw},
    volume = {2},
    issue = {1},
    pages = {e11}
}

@Article{ASMap,
    title = {{R} Package {ASMap}: Efficient Genetic Linkage Map
      Construction and Diagnosis},
    author = {Julian Taylor and David Butler},
    journal = {J Stat Softw},
    year = {2017},
    volume = {79},
    pages = {1--29}
}

@Article{ctl,
    title = {Correlation Trait Loci {(CTL)} mapping: phenotype network
      inference subject to genotype},
    author = {Danny Arends and Yang Li and Gudrun A. Brockmann and
      Ritsert C. Jansen and Robert W. Williams and Pjotr Prins},
    journal = {J Open Source Softw},
    year = {2016},
    volume = {1},
    pages = {87}
}

@Article{dlmap,
    title = {{dlmap}: An {R} Package for Mixed Model {QTL} and
      Association Analysis},
    author = {B. Emma Huang and Rohan Shah and Andrew W. George},
    journal = {J Stat Softw},
    year = {2012},
    volume = {50},
    pages = {1--22}
}



@Article{wgaim,
    title = {{R} Package {wgaim}: {QTL} Analysis in Bi-Parental
      Populations Using Linear Mixed Models},
    author = {Julian Taylor and Arunas Verbyla},
    journal = {J Stat Softw},
    year = {2011},
    volume = {40},
    pages = {1--18}
}


@Article{qtlcharts,
    title = {R/qtlcharts: interactive graphics for quantitative trait
      locus mapping},
    author = {Karl W. Broman},
    journal = {Genetics},
    year = {2015},
    volume = {199},
    pages = {359--361}
}

@misc {vqtl,
    author = {Corty, Robert W. and Valdar, William},
    year = {2018},
    title = {{vqtl}: An {R} package for Mean-Variance {QTL} Mapping},
    note = {{bioRxiv}. DOI: \url{https://doi.org/10.1101/149377}}
}

@article{zheng2015,
  title={Reconstruction of genome ancestry blocks in multiparental populations},
  author={Zheng, C. and Boer, M. P. and van Eeuwijk, F. A.},
  journal={Genetics},
  volume={200},
  pages={1073--1087},
  year={2015}
}

@article{davies2016,
  title={Rapid genotype imputation from sequence without reference panels},
  author={Davies, R. W. and Flint, J. and Myers, S. and Mott, R.},
  journal={Nat Genet},
  volume={48},
  pages={965--969},
  year={2016}
}

@article{mpMap,
    title = {{R/mpMap}: a computational platform for the genetic analysis of recombinant inbred lines},
    author = {B. E. Huang and A. W. George},
    journal = {Bioinformatics},
    year = {2011},
    volume = {27},
    pages = {727--729}
}

@article{broman2006,
  title={The {X} chromosome in quantitative trait locus mapping},
  author={Broman, K. W. and Sen, \'S. and Owens, S. E. and Manichaikul, A. and Southard-Smith, E. and Churchill, G. A.},
  journal={Genetics},
  volume={174},
  pages={2151--2158},
  year={2006}
}

@article{broman2005,
  title={The genomes of recombinant inbred lines},
  author={Broman, K. W.},
  journal={Genetics},
  volume={169},
  pages={1133--1146},
  year={2005}
}

@article{broman2012a,
  title={Genotype probabilities at intermediate generations in the construction of recombinant inbred lines},
  author={Broman, K. W.},
  journal={Genetics},
  volume={190},
  pages={403--412},
  year={2012}
}

@article{broman2012b,
  title={Haplotype probabilities in advanced intercross populations},
  author={Broman, K. W.},
  journal={G3},
  volume={2},
  pages={199--202},
  year={2012}
}

@article{sen2001,
  title={A statistical framework for quantitative trait mapping},
  author={Sen, {\'S}. and Churchill, G. A.},
  journal={Genetics},
  volume={159},
  pages={371--387},
  year={2001}
}

@misc{eigen,
  author = {Ga\"{e}l Guennebaud and Beno\^{i}t Jacob and others},
  title = {Eigen, version 3},
  howpublished = {\url{http://eigen.tuxfamily.org}},
  year = {2010}
}

@misc{pylmm,
    author = {Furlotte, N.},
    title = {PyLMM, a lightweight linear mixed-model solver},
    howpublished = {\url{https://github.com/nickFurlotte/pylmm}},
    year = {2015}
}

@article{caviar,
  title={Identifying Causal Variants at Loci with Multiple Signals of Association},
  author={Hormozdiari, F. and Kostem, E. and Kang, E. Y. and Pasaniuc, B. and Eskin, E.},
  journal={Genetics},
  volume={198},
  pages={497--508},
  year={2014}
}

@article{gigamuga,
  title={The {M}ouse {U}niversal {G}enotyping {A}rray: from substrains to subspecies},
  author={Morgan, A. P. and Fu, C.-P. and Kao, C.-Y. and Welsh, C. E. and Didion, J. P. and Yadgary, L. and Hyacinth, L. and Ferris, M. T. and Bell, T. A. and Miller, D. R. and others},
  journal={G3},
  pages={263--279},
  year={2016}
}

@article{MQMpaper,
  title={R/qtl: high-throughput multiple {QTL} mapping},
  author={Arends, Danny and Prins, Pjotr and Jansen, Ritsert C and Broman, Karl W},
  journal={Bioinformatics},
  volume={26},
  pages={2990--2992},
  year={2010}
}

@article{broman2002,
  title={A model selection approach for the identification of quantitative trait loci in experimental crosses},
  author={Broman, Karl W and Speed, Terence P},
  journal={J R Stat Soc B},
  volume={64},
  pages={641--656},
  year={2002}
}

@article{manichaikul2009,
  title={A model selection approach for the identification of quantitative trait loci in experimental crosses, allowing epistasis},
  author={Manichaikul, Ani and Moon, Jee Young and Sen, Saunak and Yandell, Brian S and Broman, Karl W},
  journal={Genetics},
  volume={181},
  pages={1077--1086},
  year={2009}
}

@article{gnan2014,
  title={The genetic basis of natural variation in seed size and seed number and their trade-off using {A}rabidopsis thaliana {MAGIC} lines},
  author={Gnan, S. and Priest, A. and Kover, P. X.},
  journal={Genetics},
  volume={198},
  pages={1751--1758},
  year={2014}
}

@article{dekoning2017,
  title={Back to the future: multiparent populations provide the key to unlocking the genetic basis of complex traits},
  author={de Koning, D. J. and McIntyre, L. M.},
  year={2017},
  journal = {G3},
  volume = {7},
  pages = {1617--1618}
}

@article{king2012,
  title={Genetic dissection of a model complex trait using the {D}rosophila {S}ynthetic {P}opulation {R}esource},
  author={King, Elizabeth G and Merkes, Chris M and McNeil, Casey L and Hoofer, Steven R and Sen, Saunak and Broman, Karl W and Long, Anthony D and Macdonald, Stuart J},
  journal={Genome Res},
  pages={1558--1566},
  volume={22},
  year={2012}
}

@article{oreper2017,
  title={Inbred strain variant database ({ISVDB}): a repository for probabilistically informed sequence differences among the {C}ollaborative {C}ross strains and their founders},
  author={Oreper, Daniel and Cai, Yanwei and Tarantino, Lisa M and de Villena, Fernando Pardo-Manuel and Valdar, William},
  journal={G3},
  volume={7},
  pages={1623--1630},
  year={2017}
}

@incollection{solbergwoods2017,
  title={Heterogeneous stock populations for analysis of complex traits},
  author={Solberg Woods, Leah C and Mott, Richard},
  booktitle={Systems Genetics},
  pages={31--44},
  year={2017},
  publisher={Springer}
}

@article{dellacqua2015,
  title={Genetic properties of the {MAGIC} maize population: a new platform for high definition QTL mapping in {Z}ea mays},
  author={Dell’Acqua, Matteo and Gatti, Daniel M and Pea, Giorgio and Cattonaro, Federica and Coppens, Frederik and Magris, Gabriele and Hlaing, Aye L and Aung, Htay H and Nelissen, Hilde and Baute, Joke and Frascaroli, Elisabetta and Churchill, Gary A. and Inz\'e, Dirk and Morgante, Michele and P\`e, Mario Enrico},
  journal={Genome Biol},
  volume={16},
  pages={167},
  year={2015}
}

@article{bandillo2013,
  title={Multi-parent advanced generation inter-cross ({MAGIC}) populations in rice: progress and potential for genetics research and breeding.},
  author={Bandillo, N and Raghavan, C and Muyco, PA and Sevilla, MA and Lobina, IT and Dilla-Ermita, CJ and Tung, CW and McCouch, S and Thomson, M and Mauleon, R and Singh, Rakesh Kumar and Gregorio, Glenn and Redona, Edilberto and Leung, Hei},
  journal={Rice},
  volume={6},
  pages={11--11},
  year={2013}
}

@article{noble2017,
  title={Polygenicity and epistasis underlie fitness-proximal traits in the {C}aenorhabditis elegans {M}ultiparental {E}xperimental {E}volution (CeMEE) panel},
  author={Noble, Luke M and Chelo, Ivo and Guzella, Thiago and Afonso, Bruno and Riccardi, David D and Ammerman, Patrick and Dayarian, Adel and Carvalho, Sara and Crist, Anna and Pino-Querido, Ania and others},
  journal={Genetics},
  volume={207},
  pages={1663--1685},
  year={2017}
}

@article{huang2012,
  title={A multiparent advanced generation inter-cross population for genetic analysis in wheat},
  author={Huang, Bevan E and George, Andrew W and Forrest, Kerrie L and Kilian, Andrzej and Hayden, Matthew J and Morell, Matthew K and Cavanagh, Colin R},
  journal={Plant Biotechnol J},
  volume={10},
  pages={826--839},
  year={2012}
}

@misc{qvalue,
    title = {qvalue: Q-value estimation for false discovery rate control},
    author = {John D. Storey and Andrew J. Bass and Alan Dabney and David Robinson},
    year = {2018},
    note = {R package version 2.14.0},
    howpublished = {\url{https://github.com/jdstorey/qvalue}}
}

@article{storey2002,
  title={A direct approach to false discovery rates},
  author={Storey, John D},
  journal={J R Stat Soc B},
  volume={64},
  pages={479--498},
  year={2002}
}

@article{storey2003,
  title={The positive false discovery rate: a {B}ayesian interpretation and the q-value},
  author={Storey, John D},
  journal={Ann Stat},
  volume={31},
  pages={2013--2035},
  year={2003}
}
